@online{radioformula2024drones,
    author       = {{Radio Fórmula}},
    title        = {Los drones del crimen en México: los usan para vigilar, robar casas y atacar enemigos o comunidades},
    year         = {2024},
    url          = {https://www.radioformula.com.mx/nacional/2024/11/27/los-drones-del-crimen-en-mexico-los-usan-para-vigilar-robar-casas-atacar-enemigos-comunidades-842707.html},
    urldate      = {2025-02-03},
    note         = {Consultado el 3 de febrero de 2025}
}

@book{defensa2022manual,
    author    = {{DEFENSA}},
    title     = {Manual de Operaciones de Guerra Irregular},
    year      = {2022},
    publisher = {Secretaría de la Defensa Nacional}
}

@article{balderas2024drones,
    author       = {Óscar Balderas},
    title        = {Drones de cuarta generación amenazan a las Fuerzas Armadas; así los usan los cárteles de la droga en México},
    year         = {2024},
    journal      = {Milenio},
    url          = {https://www.milenio.com/policia/drones-de-los-carteles-de-la-droga-amenazan-a-las-fuerzas-armadas},
    urldate      = {2025-02-03},
    note         = {Consultado el 3 de febrero de 2025}
}

@article{ceccato2020spatial,
    author    = {Marco Ceccato and Francesco Formaggio and Stefano Tomasin},
    title     = {Spatial GNSS Spoofing Against Drone Swarms With Multiple Antennas and Wiener Filter},
    journal   = {IEEE Transactions on Signal Processing},
    volume    = {68},
    pages     = {5782--5794},
    year      = {2020},
    doi       = {10.1109/TSP.2020.3028752}
}

@techreport{cossio2018drones,
    author      = {Rafael Eduardo Cossío Lugo},
    title       = {Drones: La tecnología al alcance de la delincuencia y el narcotráfico},
    year        = {2018},
    institution = {Instituto de Investigaciones Estratégicas de la Armada de México},
    url         = {https://cesnav.uninav.edu.mx/cesnav/cesnav-web_en/ININVESTAM/docs/docs_analisis/da_38-18.pdf},
    urldate     = {2025-02-03},
    note        = {Consultado el 3 de febrero de 2025}
}

@book{kaplan2017understanding,
    author    = {Elliott D. Kaplan and Christopher J. Hegarty},
    title     = {Understanding GPS/GNSS: Principles and Applications},
    year      = {2017},
    publisher = {Artech House},
    edition   = {3rd},
    isbn      = {978-1-63081-058-0}
}

@techreport{rivera2020explotar,
    author      = {Elisabeth Rivera Arellano},
    title       = {Explotar vulnerabilidades de IoT con GNUradio y SDR},
    year        = {2020},
    institution = {Docta Complutense},
    url         = {https://docta.ucm.es/bitstreams/71156ebe-6ae2-4deb-b202-6737ed7e1d50/download},
    urldate     = {2025-02-03},
    note        = {Consultado el 3 de febrero de 2025}
}

@article{sadiku2004software,
    author    = {Matthew N. O. Sadiku and Cajetan M. Akujuobi},
    title     = {Software-defined radio: a brief overview},
    journal   = {IEEE Potentials},
    volume    = {23},
    number    = {4},
    pages     = {14--15},
    year      = {2004},
    doi       = {10.1109/MP.2004.1343223}
}

@article{santos2022drones,
    author       = {Alejandro Santos Cid},
    title        = {Los drones del narco: vigilancia, moda y símbolo de estatus},
    year         = {2022},
    journal      = {El País},
    url          = {https://elpais.com/mexico/2022-01-31/los-drones-del-narco-vigilancia-moda-y-simbolo-de-estatus.html},
    urldate      = {2025-02-03},
    note         = {Consultado el 3 de febrero de 2025}
}

@article{shepard2012evaluation,
    author    = {Daniel P. Shepard and Todd E. Humphreys and Aaron A. Fansler},
    title     = {Evaluation of the vulnerability of phasor measurement units to GPS spoofing attacks},
    journal   = {International Journal of Critical Infrastructure Protection},
    volume    = {5},
    number    = {3},
    pages     = {146--153},
    year      = {2012},
    doi       = {10.1016/j.ijcip.2012.09.003}
}

@inproceedings{tippenhauer2011requirements,
    author    = {Nils Ole Tippenhauer and Christina Pöpper and Kasper Bonne Rasmussen and Srdjan Čapkun},
    title     = {On the Requirements for Successful GPS Spoofing Attacks},
    booktitle = {Proceedings of the 18th ACM Conference on Computer and Communications Security},
    pages     = {75--86},
    year      = {2011},
    doi       = {10.1145/2046707.2046719}
}

@book{tomasi2003sistemas,
    author    = {Wayne Tomasi},
    title     = {Sistemas de comunicaciones electrónicas},
    year      = {2003},
    publisher = {Pearson Educación},
    edition   = {4ta},
    isbn      = {978-970-26-0316-0}
}